<?xml version="1.0" encoding="UTF-8"?><record xmlns="http://www.loc.gov/MARC21/slim" xmlns:cinclude="http://apache.org/cocoon/include/1.0" xmlns:zs="http://www.loc.gov/zing/srw/">
  <leader>00468cz  a2200145n  4500</leader>
  <controlfield tag="001">n  82084795 </controlfield>
  <controlfield tag="003">DLC</controlfield>
  <controlfield tag="005">20090115080614.0</controlfield>
  <controlfield tag="008">820621n| acannaabn          |a aaa      </controlfield>
  <datafield tag="010" ind1=" " ind2=" ">
    <subfield code="a">n  82084795 </subfield>
  </datafield>
  <datafield tag="035" ind1=" " ind2=" ">
    <subfield code="a">(OCoLC)oca00781470</subfield>
  </datafield>
  <datafield tag="040" ind1=" " ind2=" ">
    <subfield code="a">DLC</subfield>
    <subfield code="b">eng</subfield>
    <subfield code="c">DLC</subfield>
    <subfield code="d">OCoLC</subfield>
  </datafield>
  <datafield tag="100" ind1="1" ind2=" ">
    <subfield code="a">Oria y Cifrián, Joaquín</subfield>
  </datafield>
  <datafield tag="400" ind1="1" ind2=" ">
    <subfield code="a">Cifrián, Joaquín Oria y</subfield>
  </datafield>
  <datafield tag="670" ind1=" " ind2=" ">
    <subfield code="a">Los Bolos en la literatura montañesa y en las artes plásticas, 1979 (a.e.)</subfield>
    <subfield code="b">t.p. (Joaquín Oria y Cifrián)</subfield>
  </datafield>
</record>